@book{ComputationalPhysics,
author = "Rubin H., Landau and Manuel J., Paez"
year = "1997"
title = "Computational Physics, Problem solving with computers"
publisher = "Wiley-Interscience"
pages = "345-347"
}